@MISC{
    author = {Chris Ding, Honqyuan Zha, Xiaofeng He, Parry Husbands, Horst Simon},
    title = {Link Analysis: Hubs and Authorities on the World Wide Web},
    year = {2001},
    note = {[Online; pristupljeno prosinac 2020.]},
    url = {https://drive.google.com/drive/u/1/folders/17f5CFewjiG8687qUM4Yl4SrHYdP5sQJ1}
}

@MISC{
    author = {Soumen Chakrabarti, Byron E.Dom, David Gibson, Jon Kleinberg, Ravi Kumar, Prabhakar Raghaan, Sridhar Rajagopalan, Andrew Tomkins},
    title = {Mining the Link Structure of the World Wide Web},
    year = {1999},
    note = {[Online; pristupljeno prosinac 2020.]},
    url = {https://drive.google.com/drive/u/1/folders/17f5CFewjiG8687qUM4Yl4SrHYdP5sQJ1}
}

@MISC{
    author = {Jon M. Kleinberg},
    title = {Authoritative Sources in a Hyperlinked Environment},
    note = {[Online; pristupljeno prosinac 2020.]},
    url = {https://drive.google.com/drive/u/1/folders/17f5CFewjiG8687qUM4Yl4SrHYdP5sQJ1}
}




